@phdthesis{Chowdhary_2025, 
   title={Scalable Uncertainty Quantification for Infinite-Dimensional Bayesian Inverse Problems.}, 
   url={https://www.lib.ncsu.edu/resolver/1840.20/45106}, 
   author={Chowdhary, Abhijit}, 
   year={2025}, 
   month=feb, 
   language={en},
   type={{PhD} thesis}
 }

@article{Chowdhary_Ahmed_Attia_2024,
  title    = {PyOED: An Extensible Suite for Data Assimilation and Model-Constrained Optimal Design of Experiments},
  volume   = {50},
  issn     = {0098-3500, 1557-7295},
  doi      = {10.1145/3653071},
  number   = {2},
  journal  = {ACM Transactions on Mathematical Software},
  author   = {Chowdhary, Abhijit and Ahmed, Shady E. and Attia, Ahmed},
  year     = {2024},
  month    = jun,
  pages    = {1-22},
  language = {en}
} 
@article{Chowdhary_Attia_Alexanderian_2024,
  title   = {Robust optimal design of large-scale Bayesian nonlinear inverse problems},
  author  = {Chowdhary, Abhijit and Attia, Ahmed and Alexanderian, Alen},
  journal = {arXiv preprint arXiv:2409.09137},
  year    = {2024}
}
@article{Chowdhary_Haberle_Ofori-atta_Wu_2023,
  title     = {Weak Diffusive Stability of Roll Solutions at the Zigzag Boundary},
  url       = {https://arxiv.org/abs/2310.12365},
  publisher = {arXiv},
  author    = {Chowdhary, Abhijit and Haberle, Mason and Ofori-atta, William and Wu, Qiliang},
  year      = {2023}
} 

@article{Chowdhary_Tong_Stadler_Alexanderian_2024,
  title    = {Sensitivity Analysis of the Information Gain in Infinite-Dimensional Bayesian Linear Inverse Problems},
  issn     = {2152-5080},
  url      = {http://dl.begellhouse.com/journals/52034eb04b657aea,forthcoming,51416.html},
  doi      = {10.1615/Int.J.UncertaintyQuantification.2024051416},
  journal  = {International Journal for Uncertainty Quantification},
  author   = {Chowdhary, Abhijit and Tong, Shanyin and Stadler, Georg and Alexanderian, Alen},
  year     = {2024},
  language = {en}
}
